@manual{versuchsanleitung,
  organization = {TU Dortmund},
  title = {Versuchsanleitung zum Versuch 01: Lebensdauer kosmischer Myonen},
}
