@manual{versuchsanleitung,
  organization = {TU Dortmund},
  title = {Versuchsanleitung zum Versuch 21: Optisches Pumpen},
}

@manual{caltech,
  url = {https://www.phas.ubc.ca/~phys409/manuals/Optical_Pumping-CalTech.pdf},
  urldate = {2022-05-22},
  title = {Optical Pumping},
  author = {Eric D. Black},
  date = {2004-09-27},
  organization = {California Institute of Technology},
}
