@manual{versuchsanleitung,
  organization = {TU Dortmund},
  title = {Versuchsanleitung zum Versuch 61: Der He-Ne-Laser},
}

@book{demtroeder,
  title = {Laserspektroskopie 1},
  subtitle = {Grundlagen},
  author = {Wolfgang Demtröder},
  year = {2011},
}

@book{eichler,
  title = {Laser},
  subtitle = {Bauformen, Strahlführung, Anwendungen},
  author = {Hans Joachim Eichler, Jürgen Eichler},
  year = {2016},
}