@manual{versuchsanleitung,
  organization = {TU Dortmund},
  title = {Versuchsanleitung zum Versuch 18: Hochreine Germaniumdetektoren in der Gamma-Spektrometrie},
}

@inbook{gilmore,
  publisher = {John Wiley \& Sons, Ltd},
  isbn = {9780470861981},
  title = {Interactions of Gamma Radiation with Matter},
  booktitle = {Practical Gamma‚ÄêRay Spectrometry},
  author = {Gordon R. Gilmore},
  chapter = {2},
  pages = {25-38},
  doi = {https://doi.org/10.1002/9780470861981.ch2},
  url = {https://onlinelibrary.wiley.com/doi/abs/10.1002/9780470861981.ch2},
  year = {2008},
}

@book{knoll,
    author = "Knoll, Glenn F.",
    title = "{Radiation Detection and Measurement, 3rd ed.}",
    edition = "3rd edition",
    isbn = "978-0-471-07338-3, 978-0-471-07338-3",
    publisher = "John Wiley and Sons",
    year = "2000"
}

@book{kolanoskiwermes,
    title = {Teilchendetektoren},
    subtitle = {Grundlagen und Anwendungen},
    author = {Hermann Kolanoski and Norbert Wermes},
    year = {2016}
}
