@manual{versuchsanleitung,
  organization = {TU Dortmund},
  title = {Versuchsanleitung zum Versuch 27: Der Zeeman-Effekt},
}
@inbook{haken_wolf,
  title={Atom- und Quantenphysik},
  edition={4},
  author={Haken, Hermann and Wolf, Hans C.},
  year={1990},
  publisher={Springer-Verlag},
}
