@manual{versuchsanleitung,
  organization = {TU Dortmund},
  title = {Versuchsanleitung zum Versuch 14: Tomographie mit Gamma-Strahlung},
}

@online{cobalt,
  url = {https://www.radiation-dosimetry.org/de/was-ist-cobalt-60-spektrum-definition/#:~:text=Cobalt%2D60%20ist%20eine%20h%C3%A4ufige,die%20beiden%20Peaks%20zu%20trennen.},
  title = {Was ist Cobalt-60-Spektrum – Definition},
  urldate = {2022-06-16},
}

@online{caesium,
  url = {https://www.leifiphysik.de/kern-teilchenphysik/radioaktivitaet-fortfuehrung/versuche/gammaspektrum-von-cs-137},
  title = {Gammaspektrum von Cs-137},
  urldate = {2022-06-16},
}

@online{dichten,
  url = {https://www.hug-technik.com/inhalt/ta/metall.htm},
  title = {Technik Tabellen},
  urldate = {2022-06-16},
}

@online{dichte_delrin,
  url = {https://www.kundert.ch/kunststoffdb4.aspx?id=21&kurzbezeichnung=POM%20H%20natur},
  title = {Kunststoff-Datenbank – POM H natur},
  urldate = {2022-06-19},
}

@article{holz,
  doi = {10.1088/1742-6596/662/1/012030},
  url = {https://doi.org/10.1088/1742-6596/662/1/012030},
  year = 2015,
  publisher = {{IOP} Publishing},
  volume = {662},
  pages = {3},
  author = {B Saritha and A S Nageswara Rao},
  title = {A study on photon attenuation coefficients of different wood materials with different densities},
  journal = {Journal of Physics: Conference Series}
}

@online{crosssections,
  url = {https://physics.nist.gov/PhysRefData/Xcom/html/xcom1.html},
  title = {Element/Compound/Mixture Selection},
  urldate = {},
}

@book{techniques,
  title = {Techniques For Nuclear And Particle Physics Experiments},
  subtitle = {A How-to Approach},
  author = {W. R. Leo},
  year = {1994},
}

@book{radioaktivitaet,
  title = {Radioaktivität},
  subtitle = {Grundlagen-Messung-Anwendungen},
  author = {Werner Stolz},
  year = {2003},
}
