@manual{versuchsanleitung,
  organization = {TU Dortmund},
  title = {Versuchsanleitung zum Versuch 46: Faraday-Effekt an Halbleitern},
}

@manual{anhang,
  organization = {TU Dortmund},
  title = {Anhang 1 zum Versuch 46: Faraday-Effekt an Halbleitern},
}

@book{demtroeder,
  title = {Experimentalphysik 3},
  subtitle = {Atome, Moleküle und Festkörper},
  author = {Demtröder, Wolfgang},
  year = {2010},
  publisher={Springer-Verlag},
  doi = {10.1007/978-3-642-03911-9},
  isbn = {978-3-642-03911-9},
}

@incollection{brechungsindex,
title = { - Gallium Arsenide (GaAs)},
booktitle = {Handbook of Optical Constants of Solids},
publisher = {Academic Press},
address = {Burlington},
pages = {429-443},
year = {1997},
doi = {https://doi.org/10.1016/B978-012544415-6.50018-2},
url = {https://www.sciencedirect.com/science/article/pii/B9780125444156500182},
author = {Edward D. Palik},
}
@ARTICLE{SciPy,
  author  = {Virtanen, Pauli and Gommers, Ralf and Oliphant, Travis E. and
            Haberland, Matt and Reddy, Tyler and Cournapeau, David and
            Burovski, Evgeni and Peterson, Pearu and Weckesser, Warren and
            Bright, Jonathan and {van der Walt}, St{\'e}fan J. and
            Brett, Matthew and Wilson, Joshua and Millman, K. Jarrod and
            Mayorov, Nikolay and Nelson, Andrew R. J. and Jones, Eric and
            Kern, Robert and Larson, Eric and Carey, C J and
            Polat, {\.I}lhan and Feng, Yu and Moore, Eric W. and
            {VanderPlas}, Jake and Laxalde, Denis and Perktold, Josef and
            Cimrman, Robert and Henriksen, Ian and Quintero, E. A. and
            Harris, Charles R. and Archibald, Anne M. and
            Ribeiro, Ant{\^o}nio H. and Pedregosa, Fabian and
            {van Mulbregt}, Paul and {SciPy 1.0 Contributors}},
  title   = {{{SciPy} 1.0: Fundamental Algorithms for Scientific
            Computing in Python}},
  journal = {Nature Methods},
  year    = {2020},
  volume  = {17},
  pages   = {261--272},
  adsurl  = {https://rdcu.be/b08Wh},
  doi     = {10.1038/s41592-019-0686-2},
}

@article{theoriewert,
  title = {Electron Effective Masses of InAs and GaAs as a Function of Temperature and Doping},
  author = {Cardona, Manuel},
  journal = {Phys. Rev.},
  volume = {121},
  issue = {3},
  pages = {752--758},
  numpages = {0},
  year = {1961},
  publisher = {American Physical Society},
  doi = {10.1103/PhysRev.121.752},
  url = {https://link.aps.org/doi/10.1103/PhysRev.121.752}
}
