@manual{versuchsanleitung,
  organization = {TU Dortmund},
  title = {Versuchsanleitung zum Versuch 47: Temperaturabhängigkeit der Molwärme von Festkörpern},
}
