@manual{versuchsanleitung,
  organization = {TU Dortmund},
  title = {Versuchsanleitung zum Versuch 60: Der Diodenlaser},
}
