@manual{versuchsanleitung,
  organization = {TU Dortmund},
  title = {Versuchsanleitung zum Versuch 44: Röntgenreflektometrie},
}

@book{tolan,
  title = {X-Ray Scattering from Soft-Matter Thin Films},
  subtitle = {Materials Science and Basic Research},
  author = {Metin Tolan},
  year = {1999},
  doi = {https://doi.org/10.1007/BFb0112834}
}

@article{kiessig,
author = {Kiessig, Heinz},
title = {Interferenz von Röntgenstrahlen an dünnen Schichten},
journal = {Annalen der Physik},
volume = {402},
number = {7},
pages = {769-788},
doi = {https://doi.org/10.1002/andp.19314020702},
url = {https://onlinelibrary.wiley.com/doi/abs/10.1002/andp.19314020702},
year = {1931}
}

@article{parratt,
  title = {Surface Studies of Solids by Total Reflection of X-Rays},
  author = {Parratt, L. G.},
  journal = {Phys. Rev.},
  volume = {95},
  issue = {2},
  pages = {359--369},
  year = {1954},
  publisher = {American Physical Society},
  doi = {10.1103/PhysRev.95.359},
  url = {https://link.aps.org/doi/10.1103/PhysRev.95.359}
}
